1989 3109
459 208 492 259 33

150 374 197 413 tum
212 382 223 411 a
238 367 283 411 Deo
297 367 319 409 in
333 378 354 407 se
369 363 502 423 patefactum
521 376 565 404 esse
584 359 663 403 Paulus
676 357 799 417 praedicit,

148 482 160 508 a
173 481 216 525 quo
229 466 246 508 si
259 461 338 507 diversi
352 461 405 520 quid
420 476 441 503 v.
451 462 477 501 12
491 458 574 500 narrari
587 464 707 502 statuatur,
722 454 799 512 ibique

149 561 304 616 ἀποκαλύψεως
324 564 344 604 Ι.
364 564 410 614 Xp.
434 556 461 599 de
488 554 635 605 revelatione,
663 552 800 595 institutione

151 654 256 715 Apostolo
271 670 283 697 a
299 652 464 705 chrismam,
487 651 654 711 intelligendum
668 651 709 700 sit,
729 649 802 707 potius

150 752 177 795 ab
188 751 248 793 ornni
263 751 306 794 loei
325 750 520 809 interpretatione,
542 749 585 791 imo
605 746 748 805 intelligentie
764 744 801 787 dc-

150 847 268 891 sistendum
288 863 332 891 esse
352 847 496 899 crediderim,
518 845 645 904 praesertim
666 859 715 886 curn
738 851 759 886 ct
780 842 802 884 in

201 1115 245 1154 gens
257 1100 297 1140 hier
308 1102 342 1140 τὸν
352 1103 396 1141 υἱόν
408 1102 433 1140 als
440 1102 515 1153 Object‚
523 1100 599 1140 welches
610 1098 732 1153 geoffenbarct
744 1098 800 1145 u'ird,

202 1176 307 1229 angegeben
326 1175 361 1223 ist,
383 1176 430 1215 steht
447 1191 480 1229 gar
502 1175 553 1215 nicht
572 1177 599 1215 ini
623 1172 756 1225 Widerspruch
770 1173 804 1211 mit

203 1263 280 1289 unserer
294 1249 403 1304 Erlrliiruug
420 1264 456 1289 ron
469 1257 487 1290 I.
500 1256 536 1301 Χρ,
551 1249 576 1287 als
592 1262 632 1301 gen.
646 1248 692 1298 sutri.
710 1260 733 1284 zu
746 1245 804 1283 ἅποκ.

202 1338 226 1365 vs.
240 1325 279 1371 12;
293 1325 341 1365 deun
354 1326 375 1365 in
388 1340 413 1365 vs,
423 1326 447 1365 15
458 1325 497 1364 und
512 1325 537 1362 16
549 1324 592 1376 liegt
602 1337 636 1377 gar
648 1322 699 1361 nicht
710 1321 751 1359 dasz
759 1320 804 1358 Gott

203 1400 322 1440 uumittelbar
335 1401 377 1441 dem
389 1401 457 1441 Paulus
471 1400 534 1439 seinen
547 1398 596 1438 Sohn
609 1397 732 1451 geoffenbaret
743 1394 803 1443 habe,

202 1477 283 1517 tondere
297 1491 335 1516 ater
352 1477 396 1517 dass
411 1479 442 1516 dte
456 1477 514 1516 ἀποκ,
527 1477 565 1526 cais
575 1476 627 1514 cicer
641 1476 724 1514 εὐδοκία
740 1472 804 1511 Gottes

203 1628 232 1668 rir
245 1628 268 1667 D.
294 1627 336 1667 Non
350 1629 400 1668 enim
412 1628 435 1667 de
448 1630 532 1667 εὐδοκία
544 1626 575 1667 illa
591 1627 626 1667 Dei
641 1626 712 1679 agitur,
731 1623 767 1662 acsi
781 1623 804 1662 de

204 1703 258 1742 eain
273 1704 354 1755 oratione
369 1704 465 1756 praecipue
478 1704 557 1756 agitetur
571 1703 663 1756 quaestio,
679 1700 709 1740 sed
720 1700 743 1738 de
755 1702 805 1740 ἁπο-

203 1779 286 1830 uetula
302 1780 389 1818 continuo
401 1778 485 1831 loquitur
496 1777 602 1829 Apostolus,
617 1790 672 1829 quam
685 1789 719 1814 nec
732 1774 804 1813 homini

202 1853 257 1891 alicui
270 1853 387 1894 tn'buenclam
402 1868 439 1893 csse
457 1854 493 1901 ait,
508 1867 554 1900 nee,
569 1853 597 1892 uti
611 1852 739 1904 prosequitur,
754 1854 804 1901 post-

202 1942 258 1979 quam
273 1927 357 1978 Christus
374 1929 394 1968 in
408 1943 438 1967 me
451 1928 541 1967 revelatus
553 1933 590 1975 est,
607 1942 649 1966 curn
667 1927 704 1965 ullo
721 1925 756 1964 alio
769 1923 803 1964 ho-

200 2001 260 2049 mine,
276 2009 359 2041 ne'cum
373 2003 460 2055 Apostolis
474 2003 560 2056 quidem,
578 2002 707 2053 Hierosolymis
720 2001 803 2054 degenti-

200 2077 247 2123 bus,
261 2078 359 2116 collocutus
370 2093 425 2124 sum;
441 2078 483 2125 sed,
492 2082 532 2130 post
545 2082 582 2117 tres
595 2079 671 2117 demum
682 2090 751 2124 annm,
765 2075 803 2115 dies

201 2151 339 2204 qrratuordecim
352 2167 395 2192 cuni
407 2153 470 2206 Cepha
481 2154 518 2201 fui,
530 2167 572 2193 eum
587 2155 690 2206 ἱστορῆσαι
702 2151 746 2190 illuc
757 2165 803 2204 pro-

200 2227 262 2265 fectus.
274 2250 302 2257 —
310 2228 393 2267 Christus
402 2230 494 2281 objectam
506 2232 531 2267 est
544 2234 577 2277 τῆς
589 2231 743 2277 ἀποκαλύψεως,
752 2227 802 2266 Deus

161 2353 163 2355 Ι
200 2306 274 2349 auctor,
283 2315 317 2340 nec
328 2303 360 2341 ulli
370 2303 476 2343 horninivel
486 2303 578 2343 tantillum
588 2302 707 2341 tribuendum
718 2303 738 2340 in
750 2303 802 2342 omni

201 2375 232 2414 illo
251 2376 305 2415 Pauli
321 2378 426 2432 Euangelio.
462 2380 510 2419 Talis
523 2378 604 2431 Apostoli
618 2378 731 2416 ratiocinatio
744 2378 801 2417 habe-

201 2455 237 2489 tur.
256 2473 284 2481 —
303 2451 373 2492 Eadem
390 2460 452 2494 autem
465 2456 535 2494 ratione
552 2469 588 2508 qua
600 2454 650 2492 Deus
668 2454 698 2492 hic
716 2453 802 2493 revelasse

199 2526 267 2565 dicitur
283 2526 317 2563 τὸν
336 2528 380 2565 υἱὸν
401 2532 474 2579 αὑτοῦ,
494 2531 578 2570 Christus
600 2529 635 2582 (ul
656 2530 756 2570 Colossll.
773 2531 797 2582 2)

199 2601 268 2642 dieitur
282 2601 304 2638 τὸ
317 2604 424 2656 μυστήριον
438 2610 473 2644 τοῦ
484 2609 542 2644 θεοῦ.
554 2628 582 2637 -
595 2604 622 2644 Cf.
635 2605 688 2644 inlra.

652 2699 664 2737 3
