1989 3109
463 184 494 231 41

156 319 236 364 Arabia
249 318 341 362 maxime
357 316 424 377 degit.
442 316 488 361 lllis
502 315 559 358 euim
574 314 650 359 diebus
658 348 664 367 ,
680 313 740 358 uuila
753 330 803 361 cum

155 416 279 460 hominibus
295 431 344 459 usus
359 416 512 459 communione
529 414 564 475 (ad
578 413 627 458 Gal.
641 413 660 456 I.
675 414 702 456 16
711 446 717 466 ,
736 413 803 473 172),

155 516 177 560 id
191 515 249 577 quod
256 514 329 558 auimo
338 514 465 574 impressum
474 513 575 566 tenebat,
592 512 647 556 fovit
658 512 805 573 excoluitque.

154 616 195 658 Pro
204 615 247 658 illis
260 620 332 656 autem
344 613 366 656 in
376 613 437 657 Actis
445 612 599 674 Apostolorum
613 626 717 671 quaerere
730 610 806 655 analo-

153 730 193 773 ga,
212 712 281 755 donec
292 712 389 755 virorum
403 710 451 755 DI).
466 710 493 754 de
506 711 564 754 illius
578 709 630 753 libri
638 709 767 754 auctoritate
781 717 805 754 et

153 826 204 853 cum
224 809 340 869 Apostoli,
361 810 384 853 in
403 817 477 853 nostro
495 818 517 854 et
534 807 628 853 seeundo
649 810 757 871 imprimis
775 807 802 852 ad

154 908 203 953 Gai.
218 908 323 969 epistolae
336 909 421 969 capite,
437 908 502 952 dictis
515 907 670 961 cohaerentia,
690 916 749 952 certa
761 908 805 951 erit

152 1014 174 1048 ct
186 1005 281 1049 stabilita
294 1005 383 1065 opinio,
397 1021 441 1049 non
455 1007 563 1062 auserim3
578 1010 649 1069 ipsum
662 1014 734 1051 autem
746 1005 803 1049 hano

152 1110 244 1146 tractare
257 1105 419 1162 quaestionem,
433 1104 472 1147 uhi
487 1105 556 1150 otium
570 1106 644 1150 datum
656 1106 712 1156 erit,
725 1104 803 1148 seriori

150 1199 206 1243 mihi
218 1215 327 1244 reservans
338 1202 440 1259 tempori.
473 1202 507 1246 Ad
521 1203 563 1247 iter
576 1220 626 1248 vero
644 1204 801 1248 Damascenum

150 1299 168 1341 si
182 1299 219 1357 qui
234 1298 289 1352 erit,
310 1299 348 1359 qui
360 1290 424 1342 stadii
437 1298 502 1359 hujus
514 1301 536 1343 in
555 1301 599 1345 vita
612 1302 701 1344 Paulina
714 1299 802 1345 initium

153 1396 234 1441 referre
246 1395 312 1448 velit,
327 1412 367 1456 per
380 1412 414 1440 me
428 1397 516 1456 quidem
528 1398 589 1442 licet.

317 1557 643 1577 —numssffmm—

395 1658 560 1697 ERRATA.

198 1743 243 1782 pag.
270 1729 283 1767 2
335 1729 349 1766 l.
364 1728 388 1765 12
451 1729 607 1778 legezuritekw.

272 1781 285 1817 2
336 1779 386 1816 »13
463 1794 475 1815 u
505 1781 540 1816 der

336 1832 395 1868 uult.
461 1845 472 1867 u
502 1832 527 1867 ad
538 1831 610 1868 Gatl.
623 1831 653 1871 14,

335 1896 346 1918 u
361 1881 384 1922 13
460 1896 472 1918 r>
503 1884 626 1932 systematice

272 1962 277 1970 .
336 1947 347 1969 u
360 1933 386 1970 22
463 1947 475 1970 »
506 1933 606 1983 inseruire

338 1985 386 2022 »15
464 1999 475 2020 u
506 1985 633 2033 μεταβάινειν

336 2050 347 2072 u
363 2035 386 2073 15
462 2049 474 2071 u
504 2036 595 2073 τέθεικεν

336 2101 346 2123 u
362 2086 386 2124 18
463 2101 475 2123 »
506 2087 617 2138 ἐκτρώματι

270 2162 283 2175 2
335 2153 346 2175 u
359 2139 395 2183 20,
409 2136 433 2175 21
461 2152 472 2174 u
502 2140 552 2175 visio
564 2143 771 2191 summus—gradus

272 2213 284 2227 2
336 2205 347 2225 »
361 2190 386 2228 24
462 2204 473 2226 u
504 2192 589 2227 adecst.

216 2255 222 2273 2
271 2244 296 2278 z:
334 2239 371 2278 »8
460 2255 472 2276 »
504 2255 543 2290 quo
553 2255 622 2292 sopor,

336 2306 347 2328 »
361 2291 385 2330 14
461 2305 473 2328 a>
504 2293 536 2334 δες

269 2343 292 2358 ‘⁸
333 2343 434 2389 »23‚24
461 2357 472 2379 t>
505 2343 555 2391 (Ubi
567 2343 735 2395 enim—exp.)3

269 2398 274 2409 ⁸
334 2409 344 2429 a
360 2394 382 2431 12
458 2408 470 2431 »
501 2395 588 2442 respexit
598 2406 686 2444 quaeque

216 2459 222 2475 s
270 2447 282 2472 ¹,
334 2459 345 2481 >r
358 2445 383 2484 20
460 2451 482 2481 »¹
504 2444 550 2483 ὁϋὲ

221 2513 226 2529 ›
331 2511 343 2532 u
358 2496 382 2534 14
458 2511 469 2532 »
500 2499 569 2547 χάριτι

268 2547 278 2561 “’
332 2546 369 2585 »8
458 2561 470 2581 ))
500 2558 539 2586 etc.
551 2550 570 2597 (Ι
581 2546 726 2597 Cor.X1.23).

288 2600 356 2637 Cetera
371 2597 454 2649 corrigat
466 2601 488 2638 Β,
500 2602 523 2638 L.
