1989 3109
506 231 522 287 3

188 391 244 435 liber
264 391 384 441 Actorum,
405 384 577 450 perlustratione
587 390 728 450 imprimislll
746 389 837 442 adcor,

189 490 293 548 epistolae
301 482 445 531 manifestum
460 486 523 529 reddi
537 488 580 543 (1).
593 501 595 505 ’
611 487 664 533 Sed
675 488 745 531 modo*
755 490 803 547 quis
816 491 839 533 in

187 586 269 629 librum
287 577 459 629 Commentarios
479 583 543 626 adeat
555 580 576 627 et
596 584 618 626 in
631 583 659 629 N.
671 583 696 628 T.
712 582 839 644 posterioris

186 682 290 741 temporis
296 674 484 731 Introductiones,
497 695 541 721 non
550 680 641 722 deerunt
654 681 674 722 ei
682 694 692 733 ,'
704 677 772 741 pado,
788 681 839 740 plu-3

186 795 211 821 ra
219 776 327 820 dictorum
343 771 481 835 argumenta.³
501 775 558 831 Quid
571 792 621 819 vero
635 778 726 821 miriiu
739 777 839 835 redjam·

185 875 268 918 dudum
277 865 352 926 iocus,
368 889 432 933 quem
442 873 532 924 dicunt,
541 874 668 916 ‘communis
680 877 756 918 eorum
763 874 839 918 reddi·-

186 980 220 1015 tus
233 987 303 1015 sermo
324 970 406 1029 estqui
426 969 525 1013 criticam
544 971 659 1030 imprimis
672 970 730 1016 hanc
742 980 838 1016 nostram

188 1087 232 1117 esse
246 1079 338 1115 aetatem
355 1084 407 1129 prae
423 1084 445 1111 se
464 1068 551 1122 fernam
570 1085 641 1128 neque
660 1069 713 1113 dum
732 1086 839 1116 annorum

140 1203 142 1207 «
186 1172 257 1231 lapsus
270 1178 291 1213 et
305 1167 408 1212 scientiae
427 1182 550 1228 progressus
571 1167 688 1211 historicae
703 1179 725 1213 et
738 1168 836 1229 philoso-

185 1269 263 1331 phicae
277 1267 304 1311 de
318 1265 464 1319 addubitatis,
484 1266 555 1325 deque
566 1266 592 1309 iis
606 1266 683 1311 critico
698 1283 754 1327 quae
768 1268 836 1312 seculi

187 1366 274 1426 ingenio
289 1380 338 1408 vere
350 1364 421 1407 minus
436 1372 458 1407 et
477 1364 628 1407 verosimiliter
648 1365 672 1407 in
685 1365 713 1410 N.
729 1366 754 1410 Τ.
773 1366 836 1409 libris

185 1465 281 1525 exposita
293 1461 408 1512 videntur,
424 1476 486 1503 suum
501 1460 612 1504 absolvant
627 1461 736 1519 judicium
749 1463 836 1522 procla-

183 1569 286 1620 mentque
295 1576 301 1613 3
312 1585 342 1592 —
349 1573 389 1601 nec
398 1591 404 1609 ,
413 1557 463 1600 dico
474 1591 479 1608 ,
494 1558 576 1601 interea
586 1557 645 1601 aliud
655 1559 707 1617 quid
716 1560 742 1602 iis
754 1560 837 1604 facien-

183 1660 234 1703 dum
248 1658 399 1717 relinquetur,
416 1655 454 1715 qui
468 1655 530 1698 firma
539 1665 646 1716 quaerunt
660 1657 800 1701 fundamenta
815 1667 837 1702 et

184 1756 264 1816 quihus
277 1754 351 1797 aetatis
370 1751 430 1795 illius
449 1752 606 1813 hominumque
622 1770 693 1798 veram
713 1764 734 1798 et
748 1755 835 1800 fidelem

183 1861 331 1913 superstruere
354 1850 437 1909 possint
459 1849 591 1909 imaginem,
614 1867 678 1910 quam
698 1852 788 1896 Paulum
809 1861 834 1896 ut

183 1950 275 2001 adeant,
296 1961 389 2006 eumque
403 1956 424 1990 et
445 1946 472 1990 de
486 1947 533 2006 ipso
549 1949 695 2008 interrogent,
718 1948 776 2009 quod
791 1964 835 1993 non

181 2045 268 2090 minimi
279 2045 361 2104 pretii,
379 2053 400 2086 et
416 2043 442 2086 de
456 2044 483 2086 iis
498 2044 535 2103 qui
550 2061 600 2089 cum
615 2062 640 2089 eo
661 2046 725 2089 sirnul
744 2047 766 2089 iu
782 2047 836 2090 vivis

182 2145 243 2187 fuere
257 2144 310 2188 Jesu
324 2150 455 2193 sectatores3
476 2142 499 2184 in
515 2143 561 2200 ejus
578 2143 691 2202 inquirant
705 2144 831 2196 enuntiata,

184 2239 281 2300 quidque
295 2238 346 2282 iude
368 2239 423 2282 certi
444 2238 507 2281 nobis
525 2248 627 2299 appareat
650 2239 676 2283 de
697 2239 832 2299 temporibus

174 2367 309 2379 ’.-

180 2444 208 2496 (1)
220 2444 339 2497 »Uebrigens
352 2444 401 2482 kann
415 2457 459 2481 man
477 2444 507 2482 bei
526 2442 559 2482 der
578 2443 686 2496 Erila'rung
703 2443 759 2482 dieses
776 2443 837 2482 Briefs

220 2520 248 2569 (ΙΙ
261 2521 284 2559 ad
296 2519 348 2570 Cor.)
369 2519 397 2557 die
416 2518 592 2573 Unvollsta'ndigkeit
609 2518 642 2557 der
658 2518 834 2572 Apostelgeschiehte

220 2595 267 2635 iiber
280 2595 308 2635 die
315 2594 484 2634 Lebensurnsia'nde
491 2594 522 2634 des
535 2594 603 2635 Paulus
614 2607 644 2632 arn
656 2593 774 2634 tehhafnsten
787 2593 833 2633 sirh-

217 2668 268 2709 len.''

667 2719 693 2758 Η
