1989 3109
493 216 524 267 13

183 371 206 413 in
218 368 322 413 Innounn
334 369 409 413 Diario
424 370 490 412 1839.
504 372 526 412 3.
540 384 590 428 pag.
605 370 632 410 47
644 367 685 425 (1).
718 367 832 412 Philonem

182 474 204 510 et
213 465 402 511 Christianismum
416 466 473 509 inter
488 479 509 507 se
524 465 557 507 uti
571 465 702 508 desiderium
717 480 739 508 se
754 465 833 508 habere

181 563 271 621 ejusque
291 560 451 618 expletionem
476 577 520 619 quo
538 577 579 620 pro
597 562 687 622 singulis
706 561 832 605 Juda'rsmus

181 658 284 701 tendebat
297 656 386 699 Messiae
399 658 432 700 sui
449 657 548 715 imaginis
559 660 722 717 propositione,
736 658 764 700 ad
778 657 833 700 illud

180 752 297 798 universali
309 768 402 816 quorum
414 753 521 809 veritate,
537 754 633 797 omnium
650 754 672 796 in
686 768 763 806 usum,
783 769 834 814 per-

179 892 290 903 ——n-n

179 971 207 1023 tl)
219 970 289 1012 Demus
302 973 359 1027 igitur
373 972 428 1012 etiarn
440 971 481 1012 tiro
494 969 597 1012 venerando
606 973 645 1024 jum
658 972 699 1011 satis
712 971 765 1012 fuisse
779 974 832 1012 abiis

217 1046 338 1087 declamatum
356 1034 388 1101 qui
400 1048 422 1087 de
441 1049 502 1086 aetatis
517 1048 578 1091 illius.
594 1048 676 1100 proxime
691 1048 835 1087 onte-Christis-

218 1134 263 1168 nae,
277 1123 334 1161 snimi
343 1123 460 1161 dissolutione
471 1128 489 1161 et
499 1123 568 1174 ingenii
580 1127 686 1175 paupertate
697 1123 779 1175 querelas
792 1137 833 1163 suas

217 1198 305 1235 continuo
319 1197 371 1235 nobis
383 1197 485 1236 exhibeant.
513 1197 543 1236 Sic
556 1196 615 1245 enim,
631 1196 735 1236 »nutrend
748 1211 790 1236 man
801 1212 835 1251 ge—

182 1275 184 1290 ³
217 1272 261 1311 rade
273 1268 294 1311 iir
308 1273 350 1311 dent
364 1273 465 1325 religiosus
475 1271 628 1312 Universoiisrnns
642 1271 673 1311 des
686 1271 834 1312 Christenthnms

182 1349 183 1352 ’
217 1331 253 1386 den
264 1347 364 1387 siehersten
375 1347 433 1401 Beieg
445 1349 505 1387 seiner
514 1347 617 1400 Erhebung
629 1348 662 1386 anf
672 1348 711 1387 eine
723 1348 785 1387 bishor
797 1363 834 1388 un-

182 1434 185 1438 *
216 1422 306 1460 erreiehte
318 1423 370 1461 Stufe
383 1422 446 1460 finden
459 1436 521 1468 musz,
535 1421 609 1460 werden
623 1421 713 1472 dieienige
726 1423 830 1469 Momente,

180 1496 181 1499 ’
215 1496 236 1533 in
250 1495 330 1534 welchen
351 1496 404 1534 Philo
425 1495 463 1534 und
483 1478 551 1533 andere
566 1494 737 1534 nicht-Christliohe
752 1497 832 1534 Geistes-

180 1574 183 1579 '
216 1570 288 1608 forrnen
301 1569 336 1608 den
350 1570 518 1620 philosopherum
536 1569 689 1608 Universslisrnus
708 1570 828 1616 uusbildeten,

181 1645 187 1651 ”
210 1644 241 1683 'als
255 1645 332 1684 Zeiohen
346 1658 382 1683 von
391 1643 535 1683 Geistesorrnuth
547 1643 585 1682 und
596 1643 757 1683 Verkornrnenheit
768 1645 832 1697 ausge-

216 1723 263 1763 fassi.
291 1721 387 1775 Riohtigor
399 1725 474 1775 gesogt,
490 1720 521 1761 dos
534 1720 619 1773 Prinoip,
634 1719 665 1760 dos
678 1718 697 1760 in
712 1720 754 1760 dem
767 1720 831 1760 Chris-

183 1788 186 1793 *
216 1801 301 1841 tenthunr
320 1801 370 1840 seine
382 1798 483 1839 volleudete
498 1784 612 1852 Aushildung
625 1812 715 1851 genunn,
735 1798 781 1838 wird
796 1798 832 1839 deu

215 1878 366 1929 Erseheinungen
380 1876 400 1914 in
412 1876 471 1914 denen
483 1889 501 1914 es
515 1879 576 1914 zuerst
587 1876 620 1914 auf
630 1875 666 1914 den
680 1874 786 1927 Schauplatz
798 1874 832 1914 der

215 1952 323 1990 Geschiohte
334 1950 421 2005 gebracht
432 1950 495 1990 wurde
509 1964 543 1989 zur
553 1949 642 1989 Sciuuach
650 1950 688 1989 und
700 1950 783 1989 Sohande
796 1965 830 1990 on-

215 2027 313 2079 gereotrnet
324 2027 374 2075 (ibid.
388 2040 427 2079 pag.
436 2025 491 2075 20).”
520 2025 605 2064 Attamen
622 2026 645 2064 ah
657 2025 713 2064 altera
724 2030 775 2077 parte
788 2027 829 2065 ani-

214 2100 365 2140 madvertendum
378 2100 413 2139 erit
423 2112 486 2139 omnes
497 2100 540 2139 tales
551 2101 571 2139 in
583 2100 659 2139 historio
669 2101 755 2140 transitus
767 2102 829 2153 perio-

213 2176 246 2215 dos
259 2198 286 2206 -
301 2176 327 2214 uti
341 2176 361 2214 in
375 2188 439 2215 rerum
454 2179 520 2214 nutura
534 2175 656 2226 inter-varia,
670 2189 716 2228 quoe
729 2176 828 2224 dicuntur,

216 2265 272 2304 regna
291 2255 308 2290 et
326 2250 394 2290 horum
410 2250 459 2288 inter
476 2264 495 2288 se
507 2264 575 2304 genera
590 2250 651 2298 varia,
667 2251 701 2289 ista
713 2265 760 2304 quae
773 2251 828 2291 unius

214 2327 233 2365 in
245 2326 324 2364 atterum
337 2326 433 2364 transitum
447 2326 562 2365 manifestant
572 2349 598 2356 -
616 2327 648 2365 etsi
663 2340 760 2378 progressu
774 2327 829 2366 indo-

215 2401 253 2439 lere
268 2404 299 2438 rut
316 2405 382 2438 notura
394 2399 415 2437 iis
430 2404 521 2450 praestant
534 2414 543 2438 e
557 2401 624 2452 quihus
634 2401 732 2438 transitum
748 2402 829 2439 efficiunt

215 2474 405 2526 proficiscunturqne;
417 2474 482 2512 —uti
494 2474 558 2512 haecce
571 2472 667 2512 oculorum
677 2474 703 2512 sic
713 2473 752 2512 illos
764 2476 830 2513 mentis

212 2552 305 2600 nostrique
316 2549 372 2586 animi
384 2547 444 2600 pnleri
454 2549 516 2588 sensui
529 2553 547 2586 et
558 2547 626 2600 vigoris
639 2547 701 2586 minus
713 2548 788 2587 omniuo
798 2563 827 2587 sa-

212 2620 297 2661 tisfucere.
