2015 3210
494 265 511 313 (1

174 414 297 458 aberratum
309 423 355 467 est,
371 414 409 474 qui
422 412 448 456 ad
462 428 511 456 eum
532 429 619 473 quoque
632 416 748 475 praecipue
762 419 825 464 Pauli

176 514 199 556 in
212 511 250 554 ilia
263 512 369 571 sapientia
383 534 412 543 -
427 511 445 553 si
462 510 549 570 quidem
567 511 647 564 fucrit,
669 513 696 556 de
719 530 761 572 quo
776 518 824 575 jam

175 609 298 655 ridebimus
309 641 316 662 ,
330 632 358 639 -
373 608 533 652 institutionem
546 608 653 656 referunt.
662 635 688 641 —
696 610 824 666 Airarsus,

174 708 274 764 σποόόῃ,
290 706 323 748 uti
336 706 393 765 apud
407 705 535 749 Strabonem
549 704 642 763 legitur,
665 711 717 763 πρὸς
726 727 748 752 va
766 709 827 763 φιλο-

121 797 124 801 ⁴
174 804 250 858 σοφίαν
268 804 304 843 καὶ
331 807 371 856 τῆν
394 801 463 856 ἄλλην
484 801 594 853 ἐγκύκλιον
615 805 703 845 ἅπασαν
725 803 827 846 παιδείαν

175 895 313 940 Athenarum
327 875 600 938 eralerand1·iaeacmula
614 897 684 953 iisque
696 895 749 938 adeo
763 913 827 954 prae-

176 991 270 1042 cellens,
290 991 342 1032 urhs
357 990 436 1032 summi
451 991 492 1031 viri
504 992 590 1041 natira,
611 1006 703 1049 puerum
723 1007 767 1034 nou
788 993 827 1034 diu

175 1087 310 1137 retinuerat,
333 1099 427 1144 eumque
448 1086 624 1133 duodecim'rel,
637 1087 742 1130 tredecim
761 1103 827 1130 anuos

175 1193 251 1229 natum
265 1184 426 1244 Hierosolymis
446 1184 468 1227 in
489 1184 622 1229 judaeorum
637 1184 719 1229 scholas
740 1186 829 1230 dimise·

175 1292 209 1327 rat
228 1284 267 1342 (cf.
282 1283 394 1327 Narrare
407 1283 423 1327 l.
439 1299 459 1327 c.
479 1298 529 1342 pag.
543 1285 586 1333 104ι
601 1283 633 1342 (1)
644 1284 651 1342 )
663 1291 674 1337 ς’
684 1301 755 1344 neque
769 1284 829 1330 aliud

178 1398 250 1426 secum
264 1387 276 1427 ὁ
292 1383 378 1430 νεανίας
392 1381 418 1424 de
440 1380 518 1427 Cilicia
531 1380 629 1434 retulisse
644 1381 730 1424 ridetur
745 1383 779 1426 rel
791 1398 830 1425 re·

177 1466 234 1511 ferre
246 1465 311 1507 etiam
320 1464 428 1523 potuisse,
445 1462 540 1521 quanin
555 1463 608 1505 urbe
617 1464 698 1507 Graeca
711 1464 830 1507 cultissima

178 1561 321 1615 habitationis
335 1560 461 1603 memoriam
473 1569 494 1603 et
507 1558 540 1601 illi
555 1563 675 1618 oppositam
688 1561 830 1620 quodammo-

177 1659 207 1702 do
219 1659 352 1703 educationis
367 1675 379 1700 a
395 1657 484 1702 Judaeis
502 1657 580 1699 ductae
596 1657 722 1713 parentibus
736 1658 830 1700 auxieta-

180 1765 225 1807 tem
239 1757 278 1814 (cf.
299 1756 408 1800 Garunna
417 1787 423 1806 ,
440 1754 510 1813 Eiul.
521 1770 578 1813 ¹pag.
593 1754 664 1815 293).vv
688 1754 770 1797 Eorum
783 1770 834 1799 vero

180 1854 217 1913 qui
226 1853 252 1896 de
261 1853 342 1905 Paulo,
359 1851 457 1895 Tarsensi
470 1851 493 1893 in
507 1850 633 1913 Academia,
650 1851 673 1911 in
687 1853 766 1913 ἔθηκα
778 1852 802 1908 (i.
811 1867 833 1896 e.v

182 1947 272 2006 Graeca)
282 1948 422 1994 incumbente
437 1946 506 1990 studia
514 1946 654 2003 fabulantur,
672 1946 729 2005 quod
742 1963 766 1989 cr
779 1948 832 1990 locis

181 2047 312 2105 scriptorum
325 2045 433 2104 imprimis
440 2053 542 2104 sequatur
554 2044 576 2086 in
591 2045 636 2101 ejus
644 2043 729 2103 scriptis
737 2044 771 2099 rel
785 2059 833 2087 ora-

181 2354 209 2406 (1)
221 2355 327 2393 Tuorucurr
346 2351 515 2403 abipsocitaiam
535 2349 673 2401 disputationem
691 2349 779 2400 inspicere
791 2365 836 2397 inan

221 2430 277 2482 potui.
305 2429 363 2467 Recte
375 2427 430 2479 ctiam
443 2429 507 2463 contra
521 2438 550 2463 cos
566 2425 598 2477 qui
611 2424 679 2463 seriore
691 2424 766 2463 demum
780 2430 836 2464 aetate

222 2505 302 2546 Paulum
315 2502 447 2553 Hierosolymas
458 2500 561 2552 profectum
574 2500 629 2539 fuisse
643 2503 732 2556 statuant,
750 2500 837 2539 Caunum

224 2581 281 2622 Etnl.
294 2581 315 2620 tn
328 2576 361 2619 dos
371 2580 398 2619 N.
409 2577 434 2617 T.
447 2590 487 2631 pag.
495 2576 542 2628 291)
554 2583 617 2617 rocem
631 2576 683 2616 affert
696 2577 838 2623 coenitaretur

223 2660 244 2699 in
261 2674 290 2712 ep.
307 2657 337 2697 14.
355 2656 377 2696 ad
390 2654 430 2696 Gal.
444 2653 461 2694 Ι.
489 2653 517 2694 Ci.
530 2650 837 2696 Dan.11..10inversioneLXX.
