2015 3210
486 231 517 277 210

220 361 278 415 Quae
300 377 350 404 vero
370 362 387 403 si
414 377 473 405 nune
493 362 603 404 mittamus
625 361 733 406 elaborata
754 365 825 407 miuus

176 472 240 514 quam
262 474 274 500 e
291 459 409 519 longinquo
430 460 502 518 potius
518 466 676 502 monstratam
696 463 824 519 proposita,

173 564 194 596 et
216 557 346 616 paragraphi
372 573 433 601 eausa
453 557 525 600 faeere
550 557 592 601 hoe
614 558 711 617 cogimur
731 558 823 604 Paulum
877 600 879 603 Α

172 654 194 695 iu
219 653 302 698 Christi
321 671 343 698 se
362 664 523 699 conuertentem
547 663 673 699 sectatorem
700 670 740 698 nee
760 657 824 716 plura

171 752 293 795 eiiiihentis
301 767 308 805 3
323 768 365 796 nee
380 754 443 796 etiam
461 753 628 813 Christologiam
642 753 754 797 Paulinam
768 759 821 799 seri-

170 849 221 892 bere
235 850 258 892 in
270 851 387 911 propositis
400 853 463 896 nobis
479 852 513 895 vei
522 853 566 895 otio
581 858 627 894 erat
647 858 683 893 aut
695 852 819 910 speciminis

169 947 295 992 Academici
308 950 365 993 intra
380 950 476 1002 limites3
499 948 523 991 ad
538 949 594 991 hane
613 956 683 991 autem
698 964 783 994 omnem
798 953 821 995 in

169 1044 216 1086 ittas
229 1061 263 1088 res
285 1047 448 1106 inquisitionem
470 1062 514 1089 sese
533 1045 647 1089 extendere
662 1045 740 1089 debere
755 1064 820 1092 aecu-

165 1119 268 1186 ratiorem
295 1120 588 1188 elaboratioremve'earum
611 1142 782 1202 expositionem,
805 1163 817 1191 e

168 1240 335 1302 quibuscunque
349 1241 441 1285 diximus
454 1241 518 1285 facile
531 1248 628 1300 apparet.
661 1240 700 1286 Uti
713 1249 734 1284 et
746 1241 815 1289 illud:

167 1352 252 1380 amarem
263 1338 375 1382 Paulinam
394 1339 560 1397 Clrristoiogiam
574 1337 629 1388 hae,
653 1352 717 1395 quam
734 1353 816 1399 propo-

165 1437 260 1488 suimus,
275 1452 361 1480 necesse
374 1437 416 1480 niti
428 1436 488 1488 basi,
500 1434 541 1479 hae
553 1434 742 1495 superstruendam
757 1452 815 1489 esse,

165 1533 252 1576 Christo
277 1535 382 1577 nimirum
411 1533 523 1577 crucifixo.
561 1532 639 1590 Neque
658 1532 753 1587 mirum3
777 1533 815 1578 hio

164 1631 223 1673 enim
243 1657 272 1664 —
291 1633 315 1676 τὸ
336 1630 456 1675 σκάνδαλον
474 1634 510 1673 τοῦ
527 1637 615 1684 σταυροῦ
630 1629 813 1676 -infensissimi

164 1727 236 1770 suerat
257 1726 306 1769 odio
323 1725 419 1777 Judaei3
441 1724 501 1767 hune
524 1724 604 1767 iterum
622 1734 750 1784 postquam,
769 1729 814 1773 Deo

162 1826 286 1877 revelante,
301 1824 429 1882 mysterium
443 1822 489 1881 ejus
502 1821 593 1864 intuitus
608 1831 670 1874 erat,
686 1826 762 1880 σοφίαν
777 1830 814 1875 τοῦ

162 1929 215 1970 θεοῦ
227 1922 353 1982 praedicare
372 1920 456 1964 debuit.

194 2020 226 2063 De
239 2019 312 2072 facto,
328 2018 355 2061 ad
368 2016 427 2076 quod
439 2016 552 2059 referenda
571 2016 614 2059 siut
635 2015 693 2059 dieta
705 2015 811 2070 Paulina,

159 2118 205 2174 jam
219 2130 277 2158 nune
291 2116 359 2158 verbo
373 2114 475 2158 addamus
483 2149 489 2168 ‚
499 2113 584 2157 nulium
597 2114 640 2157 taie
653 2114 676 2156 in
689 2114 811 2173 epistolae,

161 2229 224 2273 quem
234 2213 387 2264 tractavimus,
402 2212 450 2255 loeo
458 2212 555 2270 {inveniri
564 2226 570 2262 3
580 2211 671 2253 Paulum
685 2226 735 2253 vero
744 2226 807 2255 omne

159 2311 213 2354 illud
221 2319 317 2369 spectare
326 2319 411 2368 tempus
422 2308 538 2352 dicendum
551 2324 609 2361 esse,
623 2306 680 2366 quod
694 2307 720 2350 ab
729 2308 766 2351 ilia
774 2309 808 2351 in·

160 2410 187 2452 do
202 2407 237 2450 die
250 2407 347 2450 deeurrit
361 2422 403 2465 quo
417 2408 513 2465 primum
521 2406 561 2450 Dei
574 2405 716 2463 mysterium,
734 2403 809 2448 Chris-

158 2517 203 2550 tum
213 2540 218 2558 ,
229 2506 321 2548 intuitus
336 2512 382 2557 est,
397 2492 512 2563 quodque,
534 2503 567 2545 uti
576 2503 622 2561 ipse
634 2509 707 2545 narrat
715 2499 747 2558 (1)
758 2532 765 2553 ,
785 2500 807 2545 in

157 2658 184 2707 (u
199 2657 229 2695 rs,
246 2656 277 2695 rr.
