2015 3210
470 238 503 287 38

161 410 184 437 re
200 395 289 454 poterit.
321 394 357 443 Ibi
370 396 427 438 enim
450 392 560 437 Christum
578 393 654 437 Jesurn
665 397 742 451 σοφίαν
758 398 812 442 dicit

162 491 241 535 Paulus
254 494 297 535 οίσὸ
311 496 361 536 θεοῦ
370 493 385 536 i.
400 507 420 538 e.
435 491 469 533 uti
484 488 545 533 addit
555 490 678 548 truncamini]
688 493 724 533 καί
736 495 814 545 ἁγιασ.

160 595 198 644 μός
217 593 253 632 καί
273 589 417 645 οίποίαίτρωσις
435 604 456 632 u.
474 588 503 630 30
523 586 555 644 (1)
577 592 598 629 et
616 587 646 643 (v.
661 584 698 641 24)
718 590 815 641 Χριστὸν

162 689 214 728 θεοῦ
231 684 322 739 δύναμιν
343 686 379 726 καὶ
398 687 448 729 θεοῦ
472 684 548 739 σοφίαν
567 706 596 714 -
612 684 688 736 σοφίαν
706 697 757 726 reru
770 689 814 734 τοῖς

161 779 266 836 κλητοῖς,
293 779 366 822 ἔθνεσι
390 780 413 823 δὲ
435 781 515 836 μωρίαν
539 778 569 835 (r.
588 777 635 835 23).
668 770 812 835 Quamobrem

161 890 211 918 sero
230 873 328 918 Christus
347 878 439 930 ἥσοφία
458 878 521 922 θεοῦ,
543 877 612 932 μωρία
626 874 711 918 dicatur
732 877 813 920 mundo

162 981 261 1015 contexta
288 972 350 1015 nohis
376 978 468 1028 exponet
494 972 571 1015 oratio.
611 971 722 1016 Christum
754 974 812 1016 enirn

161 1069 332 1125 ἐσταυρωμένον,
347 1070 428 1123 μωρίαν
440 1067 551 1110 habehant
564 1066 646 1111 ethnici
662 1069 691 1127 (v.
700 1070 752 1126 23),
764 1085 814 1113 cru·

162 1179 209 1206 cern
232 1163 292 1206 iiiam
313 1172 337 1206 ut
361 1178 484 1223 premamus
505 1182 544 1208 uos
564 1174 688 1219 monentes,
714 1177 738 1210 ut
762 1167 814 1226 quid

165 1259 260 1304 Christi
276 1260 313 1303 ilie
327 1263 428 1304 οάίαίίαο
443 1261 510 1304 Paulo
526 1260 634 1321 significet
643 1271 736 1320 ,teatpa
729 1264 814 1309 t.Siu

162 1364 218 1401 etv.
234 1358 286 1399 17
273 1375 284 1400 ο
297 1361 385 1412 στοίορος
405 1360 441 1400 τοῦ
463 1362 595 1413 Χριστοῦεί
612 1362 649 1401 τοῦ
665 1358 730 1412 λόγου
752 1362 814 1415 σοφία

160 1454 191 1496 ita
204 1453 264 1496 sibi'
259 1452 353 1496 invicem
369 1445 482 1509 opponunt
485 1468 522 1503 ur,
533 1460 557 1494 ut
549 1453 660 1495 t'lzanu
644 1468 662 1494 sl
674 1453 732 1495 tueri
746 1455 813 1507 reiis,

160 1552 208 1593 illu
227 1554 320 1607 κενωθῇ
341 1549 465 1606 -Itaque
486 1547 597 1593 Christum
618 1549 724 1608 iliumque
740 1552 815 1594 ἐσταο·

162 1646 269 1702 ρωμένον,
286 1642 343 1686 nihii
357 1643 433 1697 aliud,
448 1644 540 1687 ulterius
553 1645 611 1688 nihil
626 1661 647 1688 se
660 1645 732 1688 divina
746 1646 813 1704 gratia

161 1740 267 1783 intuitum
281 1755 326 1783 esse
340 1740 419 1783 Paulus
431 1755 489 1783 enun
491 1741 553 1784 tiavit
566 1741 592 1785 de
607 1740 728 1785 Christum
747 1756 768 1784 se
780 1756 815 1785 re·
841 1764 843 1766 ·

160 1838 231 1880 velato
255 1852 375 1880 sermonem
406 1837 494 1882 faciens.
533 1839 604 1896 Hujus
626 1837 691 1880 etiam
713 1837 813 1881 crucifixi

162 1936 259 1991 νηρονμοί
282 1942 343 1986 erut,
368 1935 426 1993 quod
444 1943 550 1978 memorat
572 1933 598 1977 ad
617 1933 681 1979 Rom.
695 1934 753 1978 XVI.
768 1937 812 1987 253

163 2029 201 2074 ille
216 2031 330 2073 crucifixus
344 2032 368 2073 τὸ
381 2034 494 2087 μυστήριον
507 2040 552 2084 est,
569 2029 642 2091 quod,
656 2038 719 2074 antea
734 2046 816 2086 σεσιγη-

163 2126 243 2180 μένον,
258 2141 317 2168 nunc
329 2127 470 2169 intuebantur
485 2127 567 2172 Christi
584 2135 709 2178 sectatores.
741 2127 773 2170 Ex
786 2123 816 2165 il-

164 2265 290 2290 'ni——

163 2380 191 2432 (Ι)
211 2381 240 2418 Sic
260 2380 321 2419 locum
339 2379 498 2433 interpretandum
520 2393 557 2418 esse
577 2382 641 2418 contra
663 2377 756 2415 Wsrrnuu
777 2386 820 2411 uum

210 2458 282 2496 Ruscn.
295 2457 411 2495 statuendum
423 2461 460 2502 est;
476 2456 524 2508 quud
540 2460 580 2494 tum
593 2468 619 2492 σε.
634 2452 673 2498 24,
690 2456 733 2491 nior
747 2448 818 2488 citando

205 2531 230 2571 'in
243 2536 302 2578 terto,
316 2532 395 2571 marimo
407 2531 526 2581 monuimur,
544 2534 583 2570 tum
595 2527 688 2584 particulis
700 2540 721 2564 τε
734 2526 767 2562 ναί
781 2537 818 2563 uun

211 2610 306 2663 prohiberi
320 2609 396 2649 videtur.
