1989 3109
468 168 502 219 39

161 305 203 350 llus
222 305 258 349 τοῦ
279 301 437 359 ἔστααρωαέκοο
457 301 539 344 iutuitu
562 309 583 344 et
602 302 670 344 omnis
689 300 727 344 illa
749 300 810 343 Pauli

161 401 247 461 grandis
260 413 325 458 quam
339 401 431 442 maxime
440 432 446 451 ,
455 408 476 441 et
484 414 535 457 prae
545 399 622 442 ceteris
631 397 741 458 Apostolis
754 399 811 442 illius

160 499 238 543 merita
251 495 360 548 efficiens,
377 495 476 539 doctriua
490 495 606 548 derivando
620 503 664 546 est,
685 510 727 554 qua
740 511 812 539 rerum

161 597 246 656 primus
263 590 424 636 Christianismi
436 593 531 636 indolem
544 593 653 653 professus
667 601 713 637 est:
731 594 755 635 τὸ
762 607 815 647 μοσ-

161 699 246 750 τήριοκ,
264 689 296 732 uti
311 688 384 748 inquit
403 689 430 733 ad
449 689 665 751 uph.111.3sqq.,
683 691 739 733 κατὰ
761 690 815 731 ouo-

162 786 257 843 καλοψια
274 811 302 820 --
318 802 357 846 per
376 786 480 830 intuitum
494 787 578 846 -ipsi
598 789 727 845 ἐγκαρισθὲκ
742 809 814 826 ·····

123 904 125 909 ,
161 884 189 925 τὰ
205 883 261 939 ἔθνη
276 898 321 926 esse
333 883 492 940 σογκληροαόμα
513 884 548 927 καὶ
570 885 665 936 nonomen
687 881 723 922 καὶ
739 875 815 930 συμμέ-

162 995 216 1036 τοχα
233 987 269 1033 τῆς
293 982 371 1033 tuam.
392 986 435 1022 etc.
452 977 539 1022 Christo
554 977 612 1019 enim
626 973 735 1019 Crucifiro
750 973 763 1025 ἣ
779 977 816 1014 κα-

162 1089 217 1131 ταρα
229 1080 266 1117 τοῦ
280 1076 345 1129 ιιὸμοο
356 1074 421 1117 nihili
441 1083 487 1118 erat
507 1076 564 1119 facta
579 1072 637 1133 (Gal.
651 1071 694 1116 ΙΙΙ.
711 1073 752 1120 13,
768 1069 813 1124 14.)

164 1175 186 1209 et
199 1175 305 1226 uterque,
319 1169 415 1225 Judaeus
428 1196 459 1228 ··,
470 1176 535 1226 οόμοο
546 1172 593 1222 sui,
608 1185 651 1229 quo
664 1166 814 1228 gloriabatur,

164 1263 278 1323 privilegio
293 1267 390 1325 privatus
405 1290 433 1298 -
447 1275 469 1310 et
483 1267 583 1312 ethnicus
597 1293 627 1301 —-
641 1267 711 1310 nihilo
722 1273 771 1325 post
784 1264 815 1305 le-

164 1378 213 1422 gem
233 1370 340 1407 mortuam
361 1365 431 1422 priori
454 1364 531 1408 cedens
550 1388 580 1396 -
598 1364 663 1408 modo
684 1362 771 1407 Christo
794 1376 815 1403 se

164 1460 372 1515 σοαεοτακρωμέαοος
386 1461 480 1504 convicti
495 1461 538 1504 siut
557 1462 595 1518 (Π.
609 1460 658 1518 20.)
677 1475 745 1518 aequa
758 1456 816 1516 apud

165 1554 235 1596 Deum
250 1554 356 1612 gaudium
370 1556 505 1614 δικαιόσαοῃ“
524 1557 602 1605 εἰδότες
614 1559 648 1600 ὅτι
662 1557 686 1599 οὐ
698 1555 818 1598 δικαιοῦται

164 1654 279 1706 ἄνθρωπος
294 1654 316 1694 ἔα
328 1653 395 1706 ἔργων
406 1655 483 1705 κόμαι),
508 1652 545 1693 uo
558 1655 586 1705 μὴ
602 1651 638 1693 διὰ
651 1651 741 1698 πίστεως
756 1653 818 1706 Inous}

165 1750 259 1802 Χριστοῦ
280 1746 337 1803 (Gal.
352 1745 394 1789 [ll.
413 1747 458 1802 16).
479 1771 509 1779 -
529 1745 589 1788 Haeo
613 1745 684 1787 omnia
704 1752 765 1787 erant
780 1743 817 1786 illa

169 1857 224 1900 quae
241 1844 326 1903 uotplnrj}
334 1841 494 1884 constituebant
513 1847 577 1900 θεοῦ,
600 1856 699 1900 quaeque
720 1850 782 1885 antea
796 1843 820 1883 ἐκ

165 1943 270 1994 nuntietur
281 1939 458 1994 ἀποκεκρυμμένα
465 1973 471 1992 ,
485 1953 543 1981 nune
555 1939 696 1982 intuebantur
707 1939 819 1982 Christum

167 2033 207 2090 qui
216 2034 307 2092 professi
316 2049 322 2086 ;
337 2034 415 2092 quibus
429 2035 486 2078 enim
501 2034 538 2077 illu
553 2035 656 2079 intuenda
664 2038 700 2081 διὰ
709 2040 744 2080 τοῦ
754 2054 819 2081 πνεο-

167 2134 232 2186 novoe
246 2133 310 2175 αὐτοῦ
325 2130 357 2188 (1)
373 2130 430 2174 Deus
442 2131 574 2176 revelaverat
589 2131 609 2191 (Ι
625 2132 676 2179 Gor.
690 2132 722 2177 ΙΙ,
738 2132 817 2190 7.10).

188 2251 356 2264 ——-—

169 2326 203 2379 (l)
216 2326 246 2365 Sic
261 2331 278 2365 el
291 2328 338 2380 Eph.
353 2329 369 2367 Ι.
383 2328 413 2371 17,
427 2331 505 2371 Paulus:
520 2333 551 2369 ἵνα
565 2332 576 2370 0‘
588 2334 636 2376 θεὸς
650 2333 690 2384 δώῃ
704 2333 750 2382 ὑμῖν
763 2335 823 2371 πιού-

216 2417 243 2452 μο
255 2407 373 2449 contegunt
391 2405 532 2456 ἀποκαλύψεως
545 2420 563 2444 se
578 2407 601 2444 οὐ
619 2407 720 2444 παυὲαθαι
739 2407 823 2456 εὔχαρι-

216 2478 301 2512 στοῦντα
313 2478 400 2516 enuntiat.
434 2479 469 2518 Illo
486 2481 535 2519 enim
551 2481 621 2533 Spiritu
633 2479 744 2519 efficiebatur
757 2483 776 2517 ut
791 2478 821 2517 iu·

217 2552 313 2591 tuerentur
326 2552 361 2600 τῄι
374 2558 446 2602 σοφίαι
459 2560 493 2593 τοῦ
510 2559 565 2594 θεοῦ.
