1989 3109
459 192 493 250 27

148 357 282 395 momentum
295 355 436 409 peruenerat,
446 348 547 406 scripsit;
558 347 589 390 ibi
603 347 661 390 enim
673 363 695 391 se
708 346 801 391 audiisse

146 455 218 497 narrat
231 448 315 508 ἄῤῥῃτα
328 447 422 503 ῥήματα,
438 447 453 488 ἅ
469 446 507 492 οὐκ
520 445 567 495 ἐξὸν
578 445 688 501 ἀνθρώπῳ
701 443 800 499 λαλῆσαι.

147 546 214 590 Erant
228 543 282 586 haec
296 539 363 598 igitur
376 539 403 583 arl
417 554 472 599 quae
484 540 585 599 inprimis
599 538 797 591 tendehatorati03

146 659 170 686 ea
184 649 256 685 autern
270 637 401 697 Apostolum
417 638 444 681 ric
457 638 514 681 sonis
529 635 659 685 intellexisse
679 635 762 681 Christi
773 653 799 682 ex

146 754 183 791 ore
197 736 301 797 profectis
314 736 405 785 omnino
419 735 536 786 verisimile
550 734 651 789 ridetur,
667 735 706 796 qui
725 745 747 780 et
759 736 798 781 hic

145 836 212 894 igitur
223 834 350 894 praecipuas
364 834 386 876 in
400 833 526 878 narratione
538 833 583 892 agit
594 843 674 891 partes.
697 832 800 891 Ἀῥρήτπ

143 940 217 981 ,autem
231 930 301 984 dicit,
316 930 398 989 quippe
411 929 572 989 quaehumano
581 930 615 976 ori
629 930 725 983 indicta,
738 929 799 972 inef-

144 1029 219 1073 fabilia
227 1061 233 1080 ‚
250 1026 344 1070 humana
359 1027 432 1086 lingua
445 1042 489 1070 non
502 1026 641 1087 exprimenda
651 1027 697 1085 (offc
712 1026 797 1072 WETT.

143 1133 166 1173 ,et
184 1122 292 1179 lintrem).
326 1123 382 1167 Cave
401 1138 452 1165 vero
472 1131 496 1165 ut
520 1138 570 1170 curn
589 1123 696 1166 Drinum
714 1123 796 1180 (Paul.

144 1218 302 1279 Lchrhegrzff,
314 1234 330 1262 s.
341 1197 378 1274 12]
393 1220 445 1278 ipsis
459 1219 501 1260 illis
510 1222 585 1274 ῥήμασι
599 1219 646 1262 dari
655 1218 797 1274 ἀποκάλυψιν

143 1317 239 1375 cogites,
259 1324 283 1359 ut
299 1315 330 1367 sic
343 1330 368 1359 er
381 1324 453 1358 nostro
466 1316 515 1358 loco
531 1314 558 1358 de
572 1316 669 1365 fontibus
686 1313 795 1373 disputes,

146 1413 203 1459 unde
211 1412 358 1459 Christianam
370 1428 430 1457 suam
443 1413 539 1458 hauserit
553 1412 675 1464 doctrinam
684 1447 690 1466 ,
699 1411 798 1473 quidque

144 1514 192 1556 tulr'
203 1514 341 1572 ἀποκάλυψει
354 1512 486 1556 intellcrcrit
493 1511 623 1573 Apostolus,
640 1512 733 1566 efficias3
749 1521 798 1556 tum

143 1610 217 1663 enim,
234 1609 252 1652 si
266 1610 301 1654 rel
313 1617 408 1654 nostram
422 1627 466 1657 non
480 1611 560 1670 accipis
571 1612 615 1654 loci
629 1609 796 1670 interpretati&

144 1725 208 1761 nem,
228 1709 333 1761 ὀπτασίας
346 1715 418 1752 tamen
432 1709 529 1768 primum
544 1709 567 1757 in
584 1708 623 1755 illo
635 1710 727 1768 spectari
741 1724 797 1752 cou-

144 1807 219 1857 cedas,
236 1819 321 1848 necesse
336 1813 382 1857 est;
404 1814 450 1849 tum
463 1805 527 1848 facilc
541 1805 673 1865 intelligitur
686 1805 797 1850 docuniu-

143 1910 231 1960 ψθῆναι
249 1917 293 1945 uon
311 1901 334 1945 iri
354 1901 399 1946 dici
420 1918 497 1962 posse,
518 1903 576 1961 quod
595 1906 693 1965 α’ῤῥήτοις
709 1919 729 1945 κ.
740 1920 759 1945 τ.
774 1901 795 1945 l.

142 1999 267 2042 continetur
274 1997 339 2042 dictis
348 1998 380 2058 (1)
392 2014 398 2050 3
416 1999 471 2042 infra
480 2014 530 2042 rero
540 1999 641 2058 pluribus
655 1997 682 2040 de
696 2013 716 2041 r.
731 2001 796 2043 ἅποπ.

142 2147 258 2158 ...—

142 2229 176 2279 (lJ
192 2230 229 2267 Nec
244 2242 287 2267 cum
297 2230 368 2277 ecstasi,
389 2230 408 2267 in
423 2243 478 2281 aegro
492 2232 626 2283 quodammodo
639 2231 720 2282 corporis
733 2229 796 2268 habitu

193 2302 280 2351 oriunda,
296 2304 457 2343 consumlidchcrc
470 2309 518 2356 patet
531 2307 666 2352 conditionem,
679 2320 725 2358 quac
735 2309 797 2344 ictum

192 2376 287 2415 hominem
297 2391 361 2416 sanum
374 2391 430 2429 quam
442 2379 521 2418 niurinrc
533 2385 551 2418 ct
561 2384 701 2431 σωφρονοῦντα
712 2381 795 2433 requirit.

193 2450 228 2488 eff.
242 2450 277 2489 loci
289 2466 344 2502 snpra
355 2453 417 2498 citati,
433 2454 487 2493 llrsrr.
502 2459 520 2492 ct
532 2455 625 2494 Ncannrn.
660 2454 745 2493 Ceterum
755 2456 796 2505 jam

192 2526 276 2564 Wrrsrus
290 2526 365 2575 (Melet.
377 2541 419 2579 pag.
432 2529 466 2578 29)
479 2533 605 2569 annotaverit:
621 2544 631 2568 »
642 2531 689 2569 Tum
702 2534 719 2569 et
731 2543 796 2582 apoca-

193 2599 245 2651 lypsis
259 2602 305 2640 iacta
317 2600 374 2640 Paulo
386 2606 403 2640 ct
413 2601 466 2654 plena
477 2604 578 2655 institutio,
594 2606 616 2644 ad
627 2605 739 2659 Apostolatus
753 2606 797 2645 suu·
