2015 3210
470 266 505 315 34

159 421 200 473 iis,
227 435 281 480 qnae
302 418 415 479 singularis
442 416 500 458 itlius
527 417 668 464 institutionis
693 423 811 480 specimina

160 526 271 576 tamquam
286 517 388 561 exhibere
402 515 464 557 nobis
479 514 621 570 dicebantur,
637 518 690 562 loeis
702 520 759 562 nihil
771 521 812 564 tale

160 616 233 675 reperi
252 614 353 657 vidimus.
386 612 488 656 Attamen
506 626 545 654 eur
564 614 594 656 ita
615 607 740 659 stetnasin>
759 631 812 659 eon-

160 721 216 756 terta
232 711 329 755 oratione
344 725 406 753 eausa
420 709 491 752 adesse
504 711 575 753 videri
588 712 670 769 possit,
680 728 745 765 enm,
759 714 813 755 eita-

161 811 188 853 tis
202 809 343 861 hominihus,
359 808 438 867 quibus
447 806 503 851 nihil
516 824 538 850 se
547 808 625 851 dehere
637 808 730 852 affirmat
743 811 813 869 Apos-

161 908 232 958 totus,
251 906 277 948 ah
291 905 336 948 ulio
351 920 424 948 eorum
442 920 464 947 se
478 906 608 947 instructum
623 921 667 948 esse
680 904 714 947 vel
729 904 813 965 aliquid

165 1005 194 1047 ah
209 1005 235 1046 iis
250 1012 364 1062 acceptum
384 1002 425 1045 sibi
441 1002 518 1044 referri
533 1010 577 1044 tota
595 1010 659 1061 negat
673 1003 761 1056 animo,
775 1004 816 1046 ati.-

163 1117 228 1161 quern
254 1100 378 1159 oppositum
405 1098 581 1158 exspectaveris,
609 1100 679 1159 qualis
707 1108 818 1161 tamquam

164 1199 262 1244 Christus
283 1212 304 1240 se
320 1196 354 1240 vel
368 1196 542 1255 sponteofferre
563 1196 657 1242 videtur.
690 1198 719 1242 tt
739 1197 815 1241 videa-

162 1313 218 1341 mus.
244 1297 342 1339 Primum
357 1292 399 1336 hoc
411 1293 542 1346 dicendum,
555 1295 588 1337 uti
605 1301 664 1355 παρὰ
677 1311 753 1355 praep.
766 1296 816 1339 fon·

166 1404 210 1437 tern
231 1392 327 1442 indicet,
348 1390 407 1432 unde
429 1389 507 1434 Pautus
530 1405 552 1433 se
568 1390 688 1443 derivasse,
707 1393 815 1451 accepisse

163 1499 226 1550 negat
239 1488 380 1547 Evangeliam
389 1501 466 1537 snum,
478 1487 501 1528 in
517 1487 618 1546 opposito
633 1488 735 1531 orationis
747 1503 817 1532 mern-

163 1589 203 1631 bro
218 1586 311 1629 similem
326 1599 401 1642 praep.
420 1583 512 1642 reperiri
525 1583 619 1636 dehere,
635 1587 696 1644 enjus
717 1601 768 1629 vero
783 1585 816 1629 lo·

166 1700 215 1728 enm
232 1699 308 1743 praep.
327 1684 363 1727 διὰ
377 1680 463 1738 explere
483 1694 526 1723 non
545 1696 606 1738 posse
623 1682 711 1725 docebit
731 1682 816 1726 thsn

166 1782 282 1838 (Grvmtm.
299 1779 334 1825 ed.
350 1780 371 1821 4.
386 1791 436 1835 pag.
451 1775 513 1831 362).
545 1776 630 1821 Deinde
644 1794 715 1838 neque
735 1779 817 1823 Christi

165 1888 186 1923 et
205 1878 318 1921 hominurn
340 1871 457 1916 antithesin
483 1872 520 1915 hie
538 1873 611 1917 locum
633 1876 732 1920 obtinere
754 1892 816 1936 posse

166 1984 253 2036 praeter
266 1989 322 2017 vers.
337 1973 364 2015 10
377 1985 450 2030 praee.
472 1968 520 2027 (ubi
539 1969 618 2014 Paulus
637 1974 749 2016 enuntiato
766 1990 818 2018 ana·

165 2072 257 2116 themati
278 2071 304 2113 de
324 2054 381 2121 ahoi
403 2083 468 2127 quarn
488 2065 545 2126 quod
572 2069 619 2128 ipse
638 2068 816 2128 praedicaverat,

165 2169 282 2231 Evangelio
305 2182 389 2211 eausam
411 2164 486 2211 addit:
511 2168 561 2223 ἄρτι
583 2169 623 2224 γὰρ
645 2168 817 2225 ἀνθρώπους

166 2270 236 2313 πείθω
250 2274 264 2325 ἤ
277 2272 314 2312 τὸν
329 2262 420 2322 heom)
437 2279 510 2309 omnes
525 2262 639 2308 ostendant
651 2263 695 2307 ioei
709 2264 747 2307 uhi
760 2267 817 2325 ejus·
868 2281 875 2294 ‘-

166 2364 226 2407 modi
242 2367 284 2408 rim
298 2366 422 2419 ἀνθρώπων
437 2362 546 2423 oppositio
560 2362 686 2416 invenitnv;
702 2363 768 2408 sicin
783 2364 816 2408 lo·

168 2478 192 2506 eo
208 2470 281 2504 nostro
296 2459 383 2502 omnino
402 2461 468 2505 simili
487 2461 583 2507 IThess.
596 2461 625 2505 H.
641 2463 676 2505 13.
696 2464 774 2522 gratias
796 2479 818 2508 se

170 2552 215 2603 Dei)
229 2574 291 2616 apere
305 2557 380 2599 scribit
391 2562 424 2602 ὅτι
444 2563 480 2602 τοῦ
500 2564 568 2604 θεοῦ
591 2559 692 2609 ἐδέξασθε
713 2560 738 2602 οὐ
755 2559 818 2613 λόγον

168 2659 303 2712 ἀνθρώπων·
319 2655 349 2698 sie
361 2653 418 2714 Epir.
435 2654 471 2700 Vt.
485 2655 506 2698 6.
528 2657 548 2708 ‘d
563 2655 611 2697 κατ’
627 2653 818 2710 ὅφθαλμοδου·
