1989 3109
232 683 494 765 tuitnsuouun
518 680 761 759 PAULINARUM

399 899 489 961 CAPUT
509 903 594 966 UNUM.

198 1306 231 1383 In
245 1355 322 1400 magno
340 1340 378 1384 illo
393 1339 509 1383 dubiorum
524 1352 629 1390 numero,
650 1339 729 1397 quibus
742 1340 821 1384 nostris

167 1438 258 1481 maxime
275 1437 351 1480 diebus
365 1437 437 1479 omnia
453 1436 499 1478 fere
513 1436 536 1478 in
550 1435 579 1479 N.
594 1434 619 1478 T.
635 1434 698 1478 obvia
714 1435 770 1479 facta
784 1436 820 1479 hi-

169 1534 247 1580 storica
262 1535 355 1595 aggressi
367 1542 431 1582 sunt,
452 1532 575 1592 quibusque
588 1547 632 1574 non
645 1533 762 1591 Evangelia
781 1551 818 1578 so-

168 1631 229 1682 lum,
253 1631 289 1675 sed
310 1639 331 1674 et
352 1629 508 1691 Apostolorum
526 1629 564 1689 qui
584 1629 641 1672 liber
661 1628 716 1673 Aeta
738 1630 819 1676 dieitur

168 1730 249 1773 intaeta
266 1744 310 1772 non
329 1743 440 1781 mansere,
460 1728 531 1771 neseio
551 1727 596 1769 fere
616 1726 669 1786 quid
690 1728 744 1770 certi
757 1730 821 1773 nobis

167 1923 263 1967 Paulinis
276 1924 409 1982 ‚praesertim
425 1922 529 1981 vepistolis
551 1948 581 1956 —-
602 1937 713 1981 quousque
732 1939 773 1968 nee
794 1926 820 1969 de

167 2019 227 2064 hisee
241 2021 306 2063 etiem
319 2019 454 2080 disputatum
468 2020 577 2062 fuerit-
592 2019 630 2061 nbi
645 2019 671 2063 de
685 2037 706 2064 se
723 2022 817 2082 fatisque

167 2117 210 2161 suis
223 2126 245 2161 et
258 2133 322 2178 quarn
338 2116 457 2160 obtinuerit
474 2116 627 2161 revelationem
644 2096 819 2164 institutionem-

167 2230 192 2257 re
205 2214 242 2257 hic
255 2215 302 2257 utic
315 2215 349 2257 vir
357 2229 451 2258 summus
460 2215 545 2258 loeutus
558 2221 589 2257 est
598 2230 643 2271 34-
649 2217 741 2259 maxime
753 2233 816 2272 vero,

168 2320 190 2355 et
204 2311 308 2354 continno
322 2327 362 2371 pro
375 2310 451 2370 purte,
466 2312 488 2354 in
504 2311 644 2371 grandissima
658 2311 695 2355 itta
710 2313 736 2356 ad
754 2315 818 2359 Gata-

166 2416 198 2472 tas
211 2408 315 2469 epistola,
340 2409 398 2453 firmi
410 2409 479 2467 quid,
498 2409 601 2468 quodque
621 2409 666 2451 sine
685 2410 730 2453 ullo
744 2410 818 2457 damni

165 2521 259 2570 uoraere
271 2514 332 2550 metu
345 2506 501 2566 aggressionis,
515 2522 590 2553 verum
606 2507 683 2550 haberi
698 2518 784 2568 oportet
796 2519 819 2555 et

166 2612 265 2658 eertum,
284 2603 346 2648 nobis
361 2603 436 2655 datum
449 2611 512 2650 esset.
544 2605 568 2650 si
586 2605 658 2660 enirn,
673 2614 698 2649 ut
712 2606 819 2651 Actorum

670 2700 679 2738 l
